@misc{gillen2022analytic,
title={Leveraging Reward Gradients For Reinforcement Learning in Differentiable Physics Simulations},
author={Sean Gillen and Katie Byl},
year={2022},
eprint={2203.02857},
archivePrefix={arXiv},
PrimaryClss={cs.RO}
}

@misc{gillen2021direct,
      title={Direct Random Search for Fine Tuning of Deep Reinforcement Learning Policies}, 
      author={Sean Gillen and Asutay Ozmen and Katie Byl},
      year={2021},
      eprint={2109.05604},
      archivePrefix={arXiv},
      primaryClass={cs.RO}
}

@article{CDC2020,
  title={Combining Deep Reinforcement Learning And Local Control For The Acrobot Swing-up And Balance Task},
  author={Sean Gillen and Marco Molnar and Katie Byl},
  journal={59th IEEE Conference on Decision and Control},
  year={2020}
  }

@article{CORL2020,
  title={Explicitly Encouraging Low Fractional Dimensional Trajectories Via Reinforcement Learning},
  author={Sean Gillen and Katie Byl},
  journal={4th Conference of Robotic Learning},
  year={2020}
  }

@article{ICRA2021,
    title={Mesh Based Analysis of Low Fractal Dimension Reinforcement Learning Policies}, 
    author={Sean Gillen and Katie Byl},
    year={2021},
    journal={International Conference on Robotics and Automation}
  }
